@article{frazier1985decomposition,
  title={Decomposition of Besov spaces},
  author={Frazier, Michael and Jawerth, Bj{\"o}rn},
  journal={Indiana University Mathematics Journal},
  volume={34},
  number={4},
  pages={777--799},
  year={1985},
  publisher={JSTOR}
}
@article{latychevskaia2018iterative,
  title={Iterative phase retrieval in coherent diffractive imaging: practical issues},
  author={Latychevskaia, Tatiana},
  journal={Applied optics},
  volume={57},
  number={25},
  pages={7187--7197},
  year={2018},
  publisher={Optical Society of America}
}
@article{rivenson2018phase,
  title={Phase recovery and holographic image reconstruction using deep learning in neural networks},
  author={Rivenson, Yair and Zhang, Yibo and G{\"u}nayd{\i}n, Harun and Teng, Da and Ozcan, Aydogan},
  journal={Light: Science \& Applications},
  volume={7},
  number={2},
  pages={17141--17141},
  year={2018},
  publisher={Nature Publishing Group}
}
@article{beuvier2019x,
  title={X-ray nanotomography of coccolithophores reveals that coccolith mass and segment number correlate with grid size},
  author={Beuvier, Thomas and Probert, Ian and Beaufort, Luc and Such{\'e}ras-Marx, B and Chushkin, Y and Zontone, F and Gibaud, A},
  journal={Nature communications},
  volume={10},
  number={1},
  pages={1--8},
  year={2019},
  publisher={Nature Publishing Group}
}
@article{jo2018quantitative,
  title={Quantitative phase imaging and artificial intelligence: a review},
  author={Jo, YoungJu and Cho, Hyungjoo and Lee, Sang Yun and Choi, Gunho and Kim, Geon and Min, Hyun-seok and Park, YongKeun},
  journal={IEEE Journal of Selected Topics in Quantum Electronics},
  volume={25},
  number={1},
  pages={1--14},
  year={2018},
  publisher={IEEE}
}